@inproceedings{hol4,
  author    = {Konrad Slind and
               Michael Norrish},
  title     = {A Brief Overview of {HOL4}},
  booktitle = {Theorem Proving in Higher Order Logics ({TPHOLs})},
  year      = {2008},
  COMeditor    = {Otmane A\"{\i}t Mohamed and
               C{\'e}sar A. Mu{\~n}oz and
               Sofi{\`e}ne Tahar},
  publisher = {Springer},
  volume = {5170},
  series    = {LNCS}
}
